<record><leader>03216cgm a2200601 i 45 0</leader><controlfield tag="001">6799542</controlfield><controlfield tag="003">OCoLC</controlfield><controlfield tag="005">20150205144807.0</controlfield><controlfield tag="007">vd cvaizq</controlfield><controlfield tag="008">141209p20152014onc096 j          vaeng d</controlfield><datafield ind1="1" ind2=" " tag="024"><subfield code="a">774212006210</subfield></datafield><datafield ind1="4" ind2="2" tag="028"><subfield code="a">200621DV</subfield><subfield code="b">Entertainment One</subfield></datafield><datafield ind1=" " ind2=" " tag="035"><subfield code="a">ocn972089662</subfield></datafield><datafield ind1=" " ind2=" " tag="037"><subfield code="b">Midwest Tape</subfield><subfield code="n">http://www.midwesttapes.com</subfield></datafield><datafield ind1=" " ind2=" " tag="040"><subfield code="a">TEFMT</subfield><subfield code="b">eng</subfield><subfield code="e">rda</subfield><subfield code="c">TEFMT</subfield><subfield code="d">OCLCQ</subfield><subfield code="d">OCLCO</subfield><subfield code="d">TEF</subfield><subfield code="d">CNCAR</subfield><subfield code="d">TRACS</subfield><subfield code="d">AEVC</subfield></datafield><datafield ind1="1" ind2=" " tag="041"><subfield code="a">eng</subfield><subfield code="a">fre</subfield><subfield code="j">spa</subfield><subfield code="j">fre</subfield><subfield code="j">eng</subfield><subfield code="h">eng</subfield></datafield><datafield ind1="1" ind2="4" tag="050"><subfield code="a">PN1997.2</subfield><subfield code="b">.B698 2015</subfield></datafield><datafield ind1="0" ind2="4" tag="082"><subfield code="a">791.43/72</subfield><subfield code="2">23</subfield></datafield><datafield ind1=" " ind2=" " tag="090"><subfield code="a">791.43 BOX</subfield><subfield code="b">AEVC</subfield></datafield><datafield ind1="0" ind2="4" tag="245"><subfield code="a">The Boxtrolls /</subfield><subfield code="c">directed by Graham Annable and Anthony Stacchi.</subfield></datafield><datafield ind1=" " ind2="1" tag="264"><subfield code="a">[Place of publication not identified] :</subfield><subfield code="b">[publisher not identified],</subfield><subfield code="c">[2015]</subfield></datafield><datafield ind1=" " ind2="2" tag="264"><subfield code="a">Toronto, ON :</subfield><subfield code="b">Entertainment One,</subfield><subfield code="c">[2015]</subfield></datafield><datafield ind1=" " ind2="4" tag="264"><subfield code="c">&#169;2015</subfield></datafield><datafield ind1=" " ind2=" " tag="300"><subfield code="a">1 DVD-video (96 minutes) :</subfield><subfield code="b">sound, color ;</subfield><subfield code="c">4 3/4 in.</subfield></datafield><datafield ind1=" " ind2=" " tag="336"><subfield code="a">two-dimensional moving image</subfield><subfield code="b">tdi</subfield><subfield code="2">rdacontent</subfield></datafield><datafield ind1=" " ind2=" " tag="337"><subfield code="a">video</subfield><subfield code="b">v</subfield><subfield code="2">rdamedia</subfield></datafield><datafield ind1=" " ind2=" " tag="338"><subfield code="a">videodisc</subfield><subfield code="b">vd</subfield><subfield code="2">rdacarrier</subfield></datafield><datafield ind1=" " ind2=" " tag="344"><subfield code="a">digital</subfield><subfield code="b">optical</subfield><subfield code="g">surround</subfield><subfield code="h">Dolby digital 5.1</subfield><subfield code="2">rda</subfield></datafield><datafield ind1=" " ind2=" " tag="346"><subfield code="a">laser optical</subfield><subfield code="b">NTSC</subfield><subfield code="2">rda</subfield></datafield><datafield ind1=" " ind2=" " tag="347"><subfield code="a">video file</subfield><subfield code="b">DVD video</subfield><subfield code="e">region 1</subfield><subfield code="2">rda</subfield></datafield><datafield ind1=" " ind2=" " tag="380"><subfield code="a">Motion picture</subfield></datafield><datafield ind1=" " ind2=" " tag="500"><subfield code="a">Special features: Dare to be square: behind-the-scenes of the Boxtrolls; 5 featurettes that take you inside the magical world of the Boxtrolls; feature commentary with directors Graham Annable and Anthony Stacchi.</subfield></datafield><datafield ind1=" " ind2=" " tag="500"><subfield code="a">Originally released as a motion picture in 2014.</subfield></datafield><datafield ind1=" " ind2=" " tag="508"><subfield code="a">Directed by Graham Annable and Anthony Stacchi.</subfield></datafield><datafield ind1="1" ind2=" " tag="511"><subfield code="a">Ben Kingsley, Jared Harris, Nick Frost, Richard Ayoade, Tracy Morgan, Isaac Hempstead Wright, Elle Fanning.</subfield></datafield><datafield ind1=" " ind2=" " tag="520"><subfield code="a">A community of quirky, mischievous creatures who have lovingly raised an orphaned human boy named Eggs in the amazing cavernous home they've built beneath the streets of Cheesebridge. When the town's villain, Archibald Snatcher, comes up with a plot to get rid of the Boxtrolls, Eggs decides to venture above ground, "into the light", where he meets and teams up with fabulously feisty Winnie. Together, they devise a daring plan to save Eggs' family.</subfield></datafield><datafield ind1="8" ind2=" " tag="521"><subfield code="a">MPAA rating: PG; for action, some peril and mild rude humor.</subfield></datafield><datafield ind1="8" ind2=" " tag="521"><subfield code="a">CHV rating: G.</subfield></datafield><datafield ind1=" " ind2=" " tag="538"><subfield code="a">DVD.</subfield></datafield><datafield ind1=" " ind2=" " tag="546"><subfield code="a">English, French or Spanish dialogue; English SDH, Spanish or French subtitles; subtitled for the deaf and hard of hearing.</subfield></datafield><datafield ind1=" " ind2=" " tag="596"><subfield code="a">3 5</subfield></datafield><datafield ind1=" " ind2="0" tag="650"><subfield code="a">Families</subfield><subfield code="v">Juvenile films.</subfield></datafield><datafield ind1=" " ind2="0" tag="650"><subfield code="a">Orphans</subfield><subfield code="v">Juvenile films.</subfield></datafield><datafield ind1="1" ind2=" " tag="700"><subfield code="a">Annable, Graham,</subfield><subfield code="e">film director.</subfield></datafield><datafield ind1="1" ind2=" " tag="700"><subfield code="a">Stacchi, Anthony,</subfield><subfield code="e">film director.</subfield></datafield><datafield ind1="1" ind2=" " tag="700"><subfield code="a">Kingsley, Ben,</subfield><subfield code="d">1943-</subfield><subfield code="e">voice actor.</subfield></datafield><datafield ind1="1" ind2=" " tag="700"><subfield code="a">Harris, Jared,</subfield><subfield code="d">1961-</subfield><subfield code="e">voice actor.</subfield></datafield><datafield ind1="1" ind2=" " tag="700"><subfield code="a">Frost, Nick,</subfield><subfield code="d">1970-</subfield><subfield code="e">voice actor.</subfield></datafield><datafield ind1="1" ind2=" " tag="700"><subfield code="a">Morgan, Tracy,</subfield><subfield code="d">1968-</subfield><subfield code="e">voice actor.</subfield></datafield><datafield ind1="2" ind2=" " tag="710"><subfield code="a">Entertainment One (Firm : Canada),</subfield><subfield code="e">film distributor.</subfield></datafield><datafield ind1="0" ind2=" " tag="730"><subfield code="a">Boxtrolls (Motion picture)</subfield></datafield><datafield ind1=" " ind2=" " tag="926"><subfield code="a">791.43 BOX</subfield><subfield code="w">DEWEY</subfield><subfield code="c">1</subfield><subfield code="i">33862001351554</subfield><subfield code="d">11/14/2016</subfield><subfield code="e">10/21/2016</subfield><subfield code="l">JUVENILE</subfield><subfield code="m">NORQ_MAIN</subfield><subfield code="n">13</subfield><subfield code="p">$18.88</subfield><subfield code="r">Y</subfield><subfield code="s">Y</subfield><subfield code="t">VIDEO</subfield><subfield code="u">2/20/2015</subfield></datafield><datafield ind1=" " ind2=" " tag="926"><subfield code="a">791.43 BOX</subfield><subfield code="w">DEWEY</subfield><subfield code="c">1</subfield><subfield code="i">33862001437932</subfield><subfield code="d">3/17/2017</subfield><subfield code="e">2/21/2017</subfield><subfield code="l">JUVENILE</subfield><subfield code="m">NORQ_WEST</subfield><subfield code="n">1</subfield><subfield code="p">$9.99</subfield><subfield code="r">Y</subfield><subfield code="s">Y</subfield><subfield code="t">VIDEO</subfield><subfield code="u">2/8/2017</subfield><subfield code="0">LINC</subfield></datafield></record>